@article{Souza2021,
    author = {Souza, Vanessa Faria de and Santos, Tony Carlos Bignardi dos},
    title = {{Processo de Mineração de Dados Educacionais aplicado na Previsão do Desempenho de Alunos: Uma comparação entre as Técnicas de Aprendizagem de Máquina e Aprendizagem Profunda}},
    journal = {Revista Brasileira de Informática na Educação - RBIE},
    volume = {29},
    pages = {519--546},
    year = {2021},
    doi = {10.5753/RBIE.2021.29.0.519}
}

@article{Lima2021,
    author = {Lima, Priscila da Silva Neves and Ambrósio, Ana Paula Laboissière and Oliveira, João Lucas dos Santos and Carvalho, Cedric Luiz de},
    title = {{Análise de conteúdo das provas do Enade para os alunos do curso de Bacharelado em Ciência da Computação}},
    journal = {Revista Brasileira de Informática na Educação - RBIE},
    volume = {29},
    pages = {385--413},
    year = {2021},
    doi = {10.5753/RBIE.2021.29.0.385}
}

@article{Tinto1975,
    author = {Tinto, Vincent},
    title = {{Dropout from Higher Education: A Theoretical Synthesis of Recent Research}},
    journal = {Review of Educational Research},
    volume = {45},
    number = {1},
    pages = {89--125},
    year = {1975},
    doi = {10.3102/00346543045001089}
}

@inproceedings{Rodrigues2021,
    author = {Rodrigues, Ebony M. and Gouveia, Roberta MM},
    title = {{Técnicas de machine learning para predição do tempo de permanência na graduação no âmbito do ensino superior público brasileiro}},
    booktitle = {Congresso sobre Tecnologias na Educação (Ctrl+e)},
    year = {2021},
    publisher = {SBC}
}

@book{Han2011,
    author = {Han, Jiawei and Kamber, Micheline and Pei, Jian},
    title = {{Data Mining: Concepts and Techniques}},
    publisher = {Morgan Kaufmann},
    year = {2011},
    edition = {3rd}
}
